@inbook{testor,
author = {Torres-Constante, Eddy and Ibarra Fiallo, Julio and Intriago-Pazmiño, Monserrate},
year = {2022},
month = {03},
pages = {291-305},
title = {A New Handwritten Number Recognition Approach Using Typical Testors, Genetic Algorithms, and Neural Networks},
isbn = {978-3-030-99169-2},
doi = {10.1007/978-3-030-99170-8_21},
publisher = {Universidad San Francisco de Quito}

}
@article{umda,
author = {Alba-Cabrera, Eduardo and Santana, Roberto and OCHOA-RODRIGUEZ, ALBERTO and Lazo-Cortés, Manuel},
year = {2023},
month = {02},
pages = {},
title = {FINDING TYPICAL TESTORS BY USING AN EVOLUTIONARY STRATEGY}
}
@article{concept,
author = {Lazo-Cortés, Manuel and Ruiz-Shulcloper, José and Alba-Cabrera, Eduardo},
year = {2001},
month = {04},
pages = {753-762},
title = {An overview of the evolution of the concept of testor},
volume = {34},
journal = {Pattern Recognition},
doi = {10.1016/S0031-3203(00)00028-5}
}

@inproceedings{lex,
  title={LEX: un nuevo algoritmo para el c{\'a}lculo de los testores t{\'i}picos},
  author={Yovanis Santiesteban Alganza and Aurora Pons Porrata},
  year={2003}
}
